@article{mahmood2018benchmarking,
  title={Benchmarking reinforcement learning algorithms on real-world robots},
  author={Mahmood, A Rupam and Korenkevych, Dmytro and Vasan, Gautham and Ma, William and Bergstra, James},
  journal={arXiv preprint arXiv:1809.07731},
  year={2018}
}
@BOOK{APA10,
  author = {{American Psychological Association}},
  year = 2010,
  title = {Publication Manual of the {A}merican {P}sychological {A}ssociation},
  edition = {6},
  address = {Washington, DC},
  publisher = {Author}}